<?xml version="1.0" encoding="UTF-8" ?><xb:digital_entity_call xmlns:xb="http://com/exlibris/digitool/repository/api/xmlbeans"><xb:digital_entity><pid>126000</pid><control><label>Tichá, Michaela. Anti-aging jako podpora samostatnosti ve stáří _ psp, bc</label><note>ETF</note><ingest_id xsi:nil="true" xmlns:xsi="http://www.w3.org/2001/XMLSchema-instance"/><ingest_name xsi:nil="true" xmlns:xsi="http://www.w3.org/2001/XMLSchema-instance"/><entity_type xsi:nil="true" xmlns:xsi="http://www.w3.org/2001/XMLSchema-instance"/><entity_group xsi:nil="true" xmlns:xsi="http://www.w3.org/2001/XMLSchema-instance"/><usage_type>VIEW</usage_type><preservation_level>any</preservation_level><partition_a xsi:nil="true" xmlns:xsi="http://www.w3.org/2001/XMLSchema-instance"/><partition_b xsi:nil="true" xmlns:xsi="http://www.w3.org/2001/XMLSchema-instance"/><partition_c xsi:nil="true" xmlns:xsi="http://www.w3.org/2001/XMLSchema-instance"/><status xsi:nil="true" xmlns:xsi="http://www.w3.org/2001/XMLSchema-instance"/><creation_date>2010-05-14 17:01:09</creation_date><creator>super:BARBORA</creator><modification_date>2019-05-22 14:49:12</modification_date><modified_by>super:DUVT</modified_by><admin_unit>DUR01</admin_unit></control><mds><md shared="false"><mid>2306086</mid><description> </description><name>descriptive</name><type>marc</type><value><![CDATA[<record xmlns="http://www.loc.gov/MARC21/slim" xmlns:xsi="http://www.w3.org/2001/XMLSchema-instance" xsi:schemaLocation="http://www.loc.gov/MARC21/slim http://www.loc.gov/standards/marcxml/schema/MARC21slim.xsd"><leader>02452ntm a2200421 i 4500</leader><controlfield tag="001">001229853</controlfield><controlfield tag="003">CZ PrCU</controlfield><controlfield tag="005">20101015150142.0</controlfield><controlfield tag="008">170419s2009    xr      r           cze d</controlfield><datafield tag="040" ind1=" " ind2=" "><subfield code="a">ABD027</subfield><subfield code="b">cze</subfield><subfield code="e">rda</subfield></datafield><datafield tag="100" ind1="1" ind2=" "><subfield code="a">Tichá, Michaela</subfield><subfield code="4">dis</subfield></datafield><datafield tag="245" ind1="1" ind2="0"><subfield code="a">Anti-aging jako podpora samostatnosti ve stáří /</subfield><subfield code="c">Michaela Tichá ; vedoucí práce Marie Vorlová ; oponent práce Martin Jelínek</subfield></datafield><datafield tag="246" ind1="3" ind2="3"><subfield code="a">Anti-Aging as the Support of Independence in the Old Age</subfield></datafield><datafield tag="300" ind1=" " ind2=" "><subfield code="a">[51 l.]</subfield></datafield><datafield tag="504" ind1=" " ind2=" "><subfield code="a">Obsahuje bibliografii</subfield></datafield><datafield tag="500" ind1=" " ind2=" "><subfield code="a">Datum obhajoby: 08-09-2009</subfield></datafield><datafield tag="502" ind1=" " ind2=" "><subfield code="a">Bakalářská práce (Bc.)--Univerzita Karlova. Evangelická teologická fakulta, 2009</subfield></datafield><datafield tag="526" ind1="8" ind2=" "><subfield code="a">Pastorační a sociální práce</subfield></datafield><datafield tag="526" ind1="8" ind2="1"><subfield code="a">Sociální práce</subfield></datafield><datafield tag="520" ind1=" " ind2=" "><subfield code="a">This bachelor thesis titled Anti-Aging as the Support of Independence in the Old Age covers the topic of population aging, which nowadays becomes particularly topical. The work describes the position of the Czech Republic on this problem and what measures are being prepared to overcome issues related to this topic. The thesis builds on the document &quot;Národní plán přípravy na stárnutí na období let 2008 až 2012&quot; (The National Aging Preparation Plan for 2008 to 2012) prepared by the Czech government and on a new medical field known as the anti-aging medicine. The author attempts to compare both attitudes to population aging and to draw conclusions that might lead to a solution of these issues to which the current society is being exposed. Powered by TCPDF (www.tcpdf.org)</subfield><subfield code="b">Full text of the abstract is available in the Thesis Repository of CU</subfield><subfield code="8">eng</subfield></datafield><datafield tag="586" ind1=" " ind2=" "><subfield code="a">Výsledné hodnocení: Uspokojivě</subfield></datafield><datafield tag="650" ind1="0" ind2="7"><subfield code="a">stáří</subfield><subfield code="7">ph126204</subfield><subfield code="2">czenas</subfield></datafield><datafield tag="650" ind1="0" ind2="7"><subfield code="a">stárnutí</subfield><subfield code="7">ph126175</subfield><subfield code="2">czenas</subfield></datafield><datafield tag="650" ind1="0" ind2="7"><subfield code="a">stárnutí obyvatelstva</subfield><subfield code="7">ph137522</subfield><subfield code="2">czenas</subfield></datafield><datafield tag="650" ind1="0" ind2="7"><subfield code="a">anti-aging medicína</subfield><subfield code="7">ph471354</subfield><subfield code="2">czenas</subfield></datafield><datafield tag="655" ind1=" " ind2="7"><subfield code="a">bakalářské práce</subfield><subfield code="7">fd132403</subfield><subfield code="2">czenas</subfield></datafield><datafield tag="700" ind1="1" ind2=" "><subfield code="a">Vorlová, Marie</subfield><subfield code="7">uk2009335091</subfield><subfield code="4">ths</subfield></datafield><datafield tag="710" ind1="2" ind2=" "><subfield code="a">Univerzita Karlova.</subfield><subfield code="b">Evangelická teologická fakulta</subfield><subfield code="7">kn20010710335</subfield><subfield code="4">dgg</subfield></datafield><datafield tag="710" ind1="2" ind2=" "><subfield code="a">Jabok - Vyšší odborná škola sociálně pedagogická a teologická</subfield><subfield code="7">kn20020502016</subfield><subfield code="4">edt</subfield></datafield><datafield tag="850" ind1=" " ind2=" "><subfield code="a">ETF</subfield></datafield><datafield tag="856" ind1="4" ind2="1"><subfield code="u">https://is.cuni.cz/webapps/zzp/detail/81748</subfield><subfield code="y">Zobrazení plného textu (Repozitář závěrečných prací UK)</subfield></datafield><datafield tag="264" ind1=" " ind2="0"><subfield code="c">2009</subfield></datafield><datafield tag="336" ind1=" " ind2=" "><subfield code="a">text</subfield><subfield code="b">txt</subfield><subfield code="2">rdacontent</subfield></datafield><datafield tag="337" ind1=" " ind2=" "><subfield code="a">počítač</subfield><subfield code="b">c</subfield><subfield code="2">rdamedia</subfield></datafield><datafield tag="338" ind1=" " ind2=" "><subfield code="a">online zdroj</subfield><subfield code="b">cr</subfield><subfield code="2">rdacarrier</subfield></datafield><datafield tag="997" ind1=" " ind2=" "><subfield code="a">DS</subfield></datafield><datafield tag="988" ind1=" " ind2=" "><subfield code="a">ER</subfield></datafield><datafield tag="998" ind1=" " ind2=" "><subfield code="a">001229853</subfield></datafield><datafield tag="SID" ind1=" " ind2=" "><subfield code="a">Z39</subfield><subfield code="b">CKS01</subfield></datafield><controlfield tag="FMT">BK</controlfield></record>]]></value></md><md shared="false"><mid>2089021</mid><description xsi:nil="true" xmlns:xsi="http://www.w3.org/2001/XMLSchema-instance"/><name>technical</name><type>text_md</type><value><![CDATA[<?xml version="1.0" encoding="UTF-8"?>
<textmd:textMD xmlns:textmd="http://www.loc.gov/METS/" xmlns:jhove="http://hul.harvard.edu/ois/xml/ns/jhove" xmlns:xsi="http://www.w3.org/2001/XMLSchema-instance" xmlns="http://www.loc.gov/METS/" xsi:schemaLocation="http://www.loc.gov/METS http://dlib.nyu.edu/METS/textmd.xsd">
<textmd:encoding QUALITY="1">
<textmd:encoding_software/>
<textmd:encoding_platform linebreak=""/>
<textmd:encoding_software/>
<textmd:encoding_agent role=""/>
</textmd:encoding>
<textmd:character_info>
<textmd:charset/>
<textmd:byte_order/>
<textmd:character_size encoding=""/>
<textmd:linebreak/>
</textmd:character_info>
<textmd:language/>
<textmd:alt_language authority=""/>
<textmd:font_script/>
<textmd:markup_basis version=""/>
<textmd:markup_language version=""/>
<textmd:processingNote/>
<textmd:printRequirements/>
<textmd:textNote/>
<textmd:viewingRequirements/>
<textmd:file>
<textmd:fileSize>401289</textmd:fileSize>
<textmd:checksum>
<textmd:checksumMethod>CRC32</textmd:checksumMethod>
<textmd:checksumValue>77b196cf</textmd:checksumValue>
</textmd:checksum>
<textmd:checksum>
<textmd:checksumMethod>MD5</textmd:checksumMethod>
<textmd:checksumValue>71cfa5665b2bbb0edc358ddb9dacf105</textmd:checksumValue>
</textmd:checksum>
<textmd:checksum>
<textmd:checksumMethod>SHA-1</textmd:checksumMethod>
<textmd:checksumValue>07a0564462371638cb59582a5fcfbc6ced027f37</textmd:checksumValue>
</textmd:checksum>
<textmd:mimeType>application/pdf</textmd:mimeType>
<textmd:extension/>
</textmd:file>
</textmd:textMD>
]]></value></md><md shared="false"><mid>235336</mid><description xsi:nil="true" xmlns:xsi="http://www.w3.org/2001/XMLSchema-instance"/><name>changehistory</name><type>changehistory_md</type><value><![CDATA[<xb:history xmlns:xb="http://com/exlibris/digitool/repository/api/xmlbeans"><events><event xmlID="1"><eventIdentifier><eventIdentifierType>Service</eventIdentifierType><eventIdentifierValue>TechnicalMetadataExtractor</eventIdentifierValue></eventIdentifier><eventType>Technical Metadata Extraction</eventType><eventDateTime>2010-05-14T17:01:18.021+02:00</eventDateTime><eventDetail>Add some metadata to the digital entity using jhove</eventDetail><linkingAgentIdentifier><linkingAgentIdentifierType>software_used</linkingAgentIdentifierType><linkingAgentIdentifierValue>JHove</linkingAgentIdentifierValue></linkingAgentIdentifier></event></events></xb:history>]]></value></md><md shared="false"><mid>262613</mid><description xsi:nil="true" xmlns:xsi="http://www.w3.org/2001/XMLSchema-instance"/><name>preservation</name><type>preservation_md</type><value><![CDATA[<object xmlns="http://www.loc.gov/standards/premis">
  <objectIdentifier>
    <objectIdentifierType>handle</objectIdentifierType>
    <objectIdentifierValue>123.45/14205</objectIdentifierValue>
  </objectIdentifier>
</object>]]></value></md></mds><relations><relation><type>include</type><pid>1553331</pid></relation><relation><type>include</type><pid>126006</pid></relation><relation><type>manifestation</type><pid>126002</pid></relation><relation><type>manifestation</type><pid>126001</pid></relation></relations><stream_ref><file_name>126000_ticha_psp_2009.pdf</file_name><file_extension>pdf</file_extension><mime_type>application/pdf</mime_type><directory_path>/exlibris/dtl/j3_1/digitool/home/system/bin/../../profile/storage/2010/05/14/file_12/126000</directory_path><file_id xsi:nil="true" xmlns:xsi="http://www.w3.org/2001/XMLSchema-instance"/><storage_id>1000</storage_id><external_type>-1</external_type><file_size_bytes>401289</file_size_bytes></stream_ref></xb:digital_entity></xb:digital_entity_call>